
<record>
  <controlfield tag="001">1622196</controlfield>
  <datafield tag="024" ind1="7" ind2=" ">
    <subfield code="2">DOI</subfield>
    <subfield code="9">Springer</subfield>
    <subfield code="a">10.1134/S1063779617050173</subfield>
  </datafield>
  <datafield tag="035" ind1=" " ind2=" ">
    <subfield code="9">INSPIRETeX</subfield>
    <subfield code="a">Fedotovich:2017dty</subfield>
  </datafield>
  <datafield tag="035" ind1=" " ind2=" ">
    <subfield code="9">DESY</subfield>
    <subfield code="z">DA17-kp38n</subfield>
  </datafield>
  <datafield tag="245" ind1=" " ind2=" ">
    <subfield code="9">Springer</subfield>
    <subfield code="a">Cross sections of hadronic reactions e$^{+}$ e$^{−}$ → K$^{+}$ K$^{−}$ n$\pi$ (n =1,2,3) measured with the CMD3 detector at the VEPP-2000 electron–positron collider</subfield>
  </datafield>
</record>