
<record>
  <controlfield tag="001">1613797</controlfield>
  <datafield tag="024" ind1="7" ind2=" ">
    <subfield code="2">DOI</subfield>
    <subfield code="9">IOP</subfield>
    <subfield code="a">10.1088/1748-0221/12/07/C07040</subfield>
  </datafield>
  <datafield tag="035" ind1=" " ind2=" ">
    <subfield code="9">INSPIRETeX</subfield>
    <subfield code="a">Ryzhenenkov:2017xqu</subfield>
  </datafield>
  <datafield tag="035" ind1=" " ind2=" ">
    <subfield code="9">DESY</subfield>
    <subfield code="z">DA17-kp32w</subfield>
  </datafield>
  <datafield tag="245" ind1=" " ind2=" ">
    <subfield code="9">IOP</subfield>
    <subfield code="a">Current status of luminosity measurement with the CMD-3 detector</subfield>
  </datafield>
</record>